@article{serp,
	author="J. Lepp{\"a}nen and M. Pusa and T. Viitanen and V. Valtavirta and T. Kaltiaisenaho",
    title="The Serpent Monte Carlo code: Status, development and applications in 2013",
    journal="Annals of Nuclear Energy",
    volume="82",
    year="2015",
    pages="142-150"}

@article{ornl67102,
	author={Kerlin, T.},
	journal={ORNL MSR-67-102},
	month={November},
	day={30},
	title={Preliminary Dynamics Model of the MSBR},
	year={1967}}

@article{ARE, 
	title={OPERATION OF THE AIRCRAFT REACTOR EXPERIMENT},
    author={Cottrell, W.B. and Hungerford, H.E. and Leslie, J.K. and Meem, J.L.}, 
    year={1955}, 
    month={Sep},
    journal={ORNL-1845}
    }

@article{ornl7207,
    title={Conceptual Design Characteristics of a Denatured Molten-salt Reactor with Once-through Fueling},
    author={Engel, J.R. and W.R. Grimes and H.F. Bauman and H.E. McCoy and J.F. Dearing and W.A. Rhoades},
    journal="ORNL/TM-7207",
    year={1980},
    month={July},
    subtitle={ORNL-7207}}

@article{latticeopt,
	title="Lattice Optimization for Graphite Moderated Molten Salt Reactors using Low-enriched Uranium Fuel",
	author="D. Moser and A. Wheeler and O. Chvala",
	year="2017",
	journal="Annals of Nuclear Energy, in press"}

@inproceedings{icapp2014,
	author = {O. Chvala},
	title = {{MSR} lattice optimization for economic salts with {LEU} fuel},
    booktitle = {Proc. ICAPP 2014 paper \#14187, Charlotte, USA}, 
    month = {April},
    year = {2014}}

@article{fiorinaMSFR
